<?xml version="1.0" encoding="UTF-8"?><collection xmlns="http://www.loc.gov/MARC21/slim"><record><leader>00439nam--2200133-i-4500</leader><controlfield tag="001">000011431</controlfield><controlfield tag="002">20161230</controlfield><controlfield tag="005">20161230201029</controlfield><controlfield tag="008">060222s1000------------r-----000-0-eng-d</controlfield><datafield ind1=" " ind2=" " tag="100"><subfield code="a">Crompton, T.R</subfield></datafield><datafield ind1=" " ind2=" " tag="245"><subfield code="a">Chemical analysis of organometallic compounds. vol.1: elements of groups i-iii</subfield></datafield><datafield ind1=" " ind2=" " tag="260"><subfield code="a">London, Academic Press, 1975</subfield></datafield><datafield ind1=" " ind2=" " tag="490"><subfield code="a">The Analysis Of Organic Materials. An International Series Of Monographs, 4</subfield></datafield><datafield ind1=" " ind2=" " tag="852"><subfield code="a">5436:547.25</subfield></datafield></record></collection>